<?xml version="1.0" encoding="UTF-8"?><record xmlns="http://www.loc.gov/MARC21/slim" xmlns:cinclude="http://apache.org/cocoon/include/1.0" xmlns:zs="http://www.loc.gov/zing/srw/">
  <leader>00539cz  a2200145n  4500</leader>
  <controlfield tag="001">n  86107036 </controlfield>
  <controlfield tag="003">DLC</controlfield>
  <controlfield tag="005">19910531055838.1</controlfield>
  <controlfield tag="008">860925n| acannaab|          |a aaa |||  </controlfield>
  <datafield tag="010" ind1=" " ind2=" ">
    <subfield code="a">n  86107036 </subfield>
  </datafield>
  <datafield tag="040" ind1=" " ind2=" ">
    <subfield code="a">DLC</subfield>
    <subfield code="c">DLC</subfield>
    <subfield code="d">IEN</subfield>
  </datafield>
  <datafield tag="100" ind1="1" ind2="0">
    <subfield code="a">Sadykov, K. S.</subfield>
  </datafield>
  <datafield tag="400" ind1="1" ind2="0">
    <subfield code="a">Sadykov, Karim Sadykovich</subfield>
  </datafield>
  <datafield tag="670" ind1=" " ind2=" ">
    <subfield code="a">Nekotorye voprosy filosofii, 1976:</subfield>
    <subfield code="b">verso t.p. (prof. Sadykov K.S.)</subfield>
  </datafield>
  <datafield tag="670" ind1=" " ind2=" ">
    <subfield code="a">His Nauchno-tekhnicheskai︠a︡ revoli︠u︡t︠s︡ii︠a︡ i lichnostʹ v period razvitogo sot︠s︡ializma, 1974:</subfield>
    <subfield code="b">colophon (Sadykov Karim Sadykovich)</subfield>
  </datafield>
</record>